<record><leader>00000cas a22000007a 4500</leader><controlfield tag="001">11905943</controlfield><controlfield tag="008">850411d184418uuohuwr ne      0    0eng d</controlfield><datafield ind1=" " ind2=" " tag="010"><subfield code="a">sn 85025776 </subfield></datafield><datafield ind1=" " ind2=" " tag="040"><subfield code="a">NPX</subfield><subfield code="b">eng</subfield><subfield code="c">NPX</subfield><subfield code="d">ONP</subfield><subfield code="d">OCLCQ</subfield></datafield><datafield ind1=" " ind2=" " tag="042"><subfield code="a">msc</subfield></datafield><datafield ind1="0" ind2=" " tag="130"><subfield code="a">Weekly Atlas (Cincinnati, Ohio)</subfield></datafield><datafield ind1="1" ind2="4" tag="245"><subfield code="a">The Weekly Atlas.</subfield></datafield><datafield ind1=" " ind2=" " tag="260"><subfield code="a">Cincinnati [Ohio] :</subfield><subfield code="b">Guilford &amp; Russell</subfield></datafield><datafield ind1=" " ind2=" " tag="300"><subfield code="a">v. :</subfield><subfield code="b">ill.</subfield></datafield><datafield ind1=" " ind2=" " tag="310"><subfield code="a">Weekly</subfield></datafield><datafield ind1="1" ind2=" " tag="362"><subfield code="a">Began with Jan. 12, 1844 issue.</subfield><subfield code="z">Cf. Gutgesell, S. Guide to Ohio newspapers, 1974.</subfield></datafield><datafield ind1=" " ind2=" " tag="500"><subfield code="a">"Weekly" appears in title ornament, &lt;1844&gt;.</subfield></datafield><datafield ind1=" " ind2=" " tag="500"><subfield code="a">Illustration: Map of the seat of the [Mexican] war, May 21, 1846.</subfield></datafield><datafield ind1=" " ind2=" " tag="500"><subfield code="a">Published a triweekly ed. (title unknown).</subfield></datafield><datafield ind1=" " ind2=" " tag="500"><subfield code="a">Publishers: Guilford &amp; Russell, &lt;1844&gt;; N. Guilford, &lt;1846&gt;.</subfield></datafield><datafield ind1=" " ind2=" " tag="500"><subfield code="a">Editors: N. Guilford, J.B. Russell, &lt;1844&gt;; N. Guilford, &lt;1846&gt;.</subfield></datafield><datafield ind1=" " ind2=" " tag="580"><subfield code="a">Daily eds.: Daily Cincinnati Atlas (Cincinnati, Ohio : 1843), 1844, and: Daily morning Atlas (Cincinnati, Ohio : 1844), 1844-184u, and: Cincinnati daily Atlas (Cincinnati, Ohio : 1847), 184u-1849; and: Daily chronicle and Atlas, 1849-1851.</subfield></datafield><datafield ind1=" " ind2=" " tag="588"><subfield code="a">Description based on: Vol. 1, no. 23 (June 13, 1844).</subfield></datafield><datafield ind1=" " ind2=" " tag="752"><subfield code="a">United States</subfield><subfield code="b">Ohio</subfield><subfield code="c">Hamilton</subfield><subfield code="d">Cincinnati.</subfield></datafield><datafield ind1="1" ind2=" " tag="775"><subfield code="t">Daily Cincinnati Atlas (Cincinnati, Ohio : 1843)</subfield><subfield code="w">(DLC)sn 85042276</subfield></datafield><datafield ind1="1" ind2=" " tag="775"><subfield code="t">Daily morning Atlas (Cincinnati, Ohio : 1844)</subfield><subfield code="w">(DLC)sn 85025777</subfield></datafield><datafield ind1="1" ind2=" " tag="775"><subfield code="t">Cincinnati daily Atlas (Cincinnati, Ohio : 1847)</subfield><subfield code="w">(DLC)sn 85025778</subfield></datafield><datafield ind1="1" ind2=" " tag="775"><subfield code="t">Daily chronicle and Atlas</subfield><subfield code="w">(DLC)sn 84024182</subfield></datafield><datafield ind1="0" ind2="0" tag="785"><subfield code="t">Weekly Cincinnati Atlas</subfield><subfield code="w">(DLC)sn 84024183</subfield></datafield><datafield ind1="1" ind2=" " tag="029"><subfield code="a">AU@</subfield><subfield code="b">000025823548</subfield></datafield></record>